@online{LLDBagility100,
  author = {Francesco Cagnin},
  title = {LLDBagility 1.0.0 Source},
  url = {https://github.com/quarkslab/LLDBagility/tree/v1.0.0},
  urldate = {2019-10-30},
  note = "Released on 18 June 2019."
}

@online{LLDBagilityBlog1,
  author = {Francesco Cagnin},
  title = {An overview of macOS kernel debugging},
  url = {https://blog.quarkslab.com/an-overview-of-macos-kernel-debugging.html},
  urldate = {2019-10-30},
  note = "Posted on 7 May 2019."
}

@online{LLDBagilityBlog2,
  author = {Francesco Cagnin},
  title = {LLDBagility: practical macOS kernel debugging},
  url = {https://blog.quarkslab.com/lldbagility-practical-macos-kernel-debugging.html},
  urldate = {2019-10-30},
  note = "Posted on 18 June 2019."
}

@online{DarwinDoc1,
  author = {Apple},
  title = {Kernel Programming Guide},
  subtitle = {Building and Debugging Kernels},
  url = {https://developer.apple.com/library/archive/documentation/Darwin/Conceptual/KernelProgramming/build/build.html},
  urldate = {2019-09-18},
  note = "Last updated on 8 August 2013."
}

@online{DarwinDoc2,
  author = {Apple},
  title = {Kernel Programming Guide},
  subtitle = {Kernel Architecture Overview},
  url = {https://developer.apple.com/library/archive/documentation/Darwin/Conceptual/KernelProgramming/Architecture/Architecture.html},
  urldate = {2019-09-19},
  note = "Last updated on 8 August 2013."
}

@online{DarwinDoc3,
  author = {Apple},
  title = {Kernel Programming Guide},
  subtitle = {Security Considerations},
  url = {https://developer.apple.com/library/archive/documentation/Darwin/Conceptual/KernelProgramming/security/security.html},
  urldate = {2019-05-07},
  note = "Last updated on 8 August 2013."
}

@online{DarwinDoc4,
  author = {Apple},
  title = {LLVM Compiler Overview},
  url = {https://developer.apple.com/library/archive/documentation/CompilerTools/Conceptual/LLVMCompilerOverview/},
  urldate = {2019-05-07},
  note = "Last updated on 13 December 2012."
}

@online{DarwinDoc5,
  author = {Apple},
  title = {LLDB Quick Start Guide},
  subtitle = {About LLDB and Xcode},
  url = {https://developer.apple.com/library/archive/documentation/IDEs/Conceptual/gdb_to_lldb_transition_guide/document/Introduction.html},
  urldate = {2019-05-07},
  note = "Last updated on 18 September 2013."
}

@online{DarwinDoc6,
  author = {Apple},
  title = {System Integrity Protection Guide},
  url = {https://developer.apple.com/library/archive/documentation/Security/Conceptual/System_Integrity_Protection_Guide/},
  urldate = {2019-09-21},
  note = "Last updated on 16 September 2015."
}

@online{DarwinDoc7,
  author = {Apple},
  title = {Kernel Programming Guide},
  subtitle = {Mach Overview},
  url = {https://developer.apple.com/library/archive/documentation/Darwin/Conceptual/KernelProgramming/Mach/Mach.html},
  urldate = {2019-11-29},
  note = "Last updated on 8 August 2013."
}

@online{DarwinDoc8,
  author = {Apple},
  title = {Technical Note TN2339: Building from the Command Line with Xcode FAQ},
  url = {https://developer.apple.com/library/archive/technotes/tn2339/_index.html},
  urldate = {2020-01-03},
  note = "Last updated on 19 June 2017."
}

@online{DarwinDoc9,
  author = {Apple},
  title = {Technical Q\&A QA1264: Generating a Non-Maskable Interrupt (NMI)},
  url = {https://developer.apple.com/library/archive/qa/qa1264/_index.html},
  urldate = {2020-01-27},
  note = "Last updated on 04 June 2013."
}

@online{AppleSupport1,
  author = {Apple},
  title = {Reset NVRAM or PRAM on your Mac},
  url = {https://support.apple.com/en-us/HT204063},
  urldate = {2019-09-21},
  note = "Published on 8 November 2018."
}

@online{AppleSupport2,
  author = {Apple},
  title = {About macOS Recovery},
  url = {https://support.apple.com/en-us/HT201314},
  urldate = {2019-09-21},
  note = "Published on 12 October 2018."
}

@online{AppleSupport3,
  author = {Apple},
  title = {About System Integrity Protection on your Mac},
  url = {https://support.apple.com/en-us/HT204899},
  urldate = {2020-01-16},
  note = "Published on 25 September 2019."
}

@online{MacOSDebug2,
  author = {Scott Knight},
  title = {macOS Kernel Debugging},
  url = {https://knight.sc/debugging/2018/08/15/macos-kernel-debugging.html},
  urldate = {2019-09-11},
  note = "Posted on 15 August 2018."
}

@online{MacOSDebug3,
  author = {GeoSn0w},
  title = {Debugging macOS Kernel For Fun},
  url = {https://geosn0w.github.io/Debugging-macOS-Kernel-For-Fun/},
  urldate = {2019-09-11},
  note = "Posted on 2 December 2018."
}

@online{MacOSDebug4,
  author = {RedNaga Security},
  title = {Remote Kext Debugging},
  url = {https://rednaga.io/2017/04/09/remote_kext_debugging/},
  urldate = {2019-09-11},
  note = "Posted on 9 April 2017."
}

@online{MacOSDebug5,
  author = {LightBulbOne},
  title = {Introduction to macOS Kernel Debugging},
  url = {https://lightbulbone.com/posts/2016/10/intro-to-macos-kernel-debugging/},
  urldate = {2019-09-11},
  note = "Posted on 4 October 2016."
}

@online{MacOSDebug6,
  author = {Kedy Liu},
  title = {Debugging macOS Kernel using VirtualBox},
  url = {https://klue.github.io/blog/2017/04/macos_kernel_debugging_vbox/},
  urldate = {2019-08-22},
  note = "Posted on 10 April 2017."
}

@online{MacOSDebug7,
  author = {Damien DeVille},
  title = {Kernel debugging with LLDB and VMware Fusion},
  url = {http://ddeville.me/2015/08/kernel-debugging-with-lldb-and-vmware-fusion},
  urldate = {2019-08-22},
  note = "Posted on 15 August 2015."
}

@online{MacOSDebug8,
  author = {snare},
  title = {Debugging the Mac OS X kernel with VMware and GDB},
  url = {http://ho.ax/posts/2012/02/debugging-the-mac-os-x-kernel-with-vmware-and-gdb/},
  urldate = {2019-08-22},
  note = "Posted on 14 February 2012."
}

@online{MacOSDebug9,
  author = {Zach Cutlip},
  title = {Source Level Debugging the XNU Kernel},
  url = {https://shadowfile.inode.link/blog/2018/10/source-level-debugging-the-xnu-kernel/},
  urldate = {2020-01-27},
  note = "Posted on 24 October 2018."
}

@online{MacOSDebug10,
  author = {Xiang Lei},
  title = {XNU kernel debugging via VMWare Fusion},
  url = {http://trineo.net/p/17/06_debug_xnu.html},
  urldate = {2020-01-30},
  note = "Last updated on 19 February 2014."
}

@online{MacOSDebug11,
  author = {snare},
  title = {VMware debugging II: "Hardware" debugging},
  url = {http://ho.ax/posts/2012/02/vmware-hardware-debugging/},
  urldate = {2020-01-29},
  note = "Posted on 18 February 2012."
}

@online{MacOSDebug12,
  author = {Damien DeVille},
  title = {Using the VMware Fusion GDB stub for kernel debugging with LLDB},
  url = {http://ddeville.me/2015/08/using-the-vmware-fusion-gdb-stub-for-kernel-debugging-with-lldb},
  urldate = {2020-01-28},
  note = "Posted on 18 August 2015."
}

@online{GDBSlow2,
  title = {Poor performance in visual mode during remote debugging via gdbserver},
  url = {https://github.com/radareorg/radare2/issues/3808},
  urldate = {2020-01-29}
}

@online{GDBSlow3,
  title = {Why is debugging of native shared libraries used by Android apps slow?},
  url = {https://stackoverflow.com/questions/8051458/why-is-debugging-of-native-shared-libraries-used-by-android-apps-slow},
  urldate = {2020-01-29},
  note = "Posted on 10 November 2011."
}

@online{DevForums1,
  author = {eskimo},
  title = {Re: Where can I find Kernel Debug Kit for 10.11.6 (15G22010)?},
  url = {https://forums.developer.apple.com/thread/108732#351881},
  urldate = {2019-05-07},
  note = "Posted on 6 March 2019."
}

@online{DevForums2,
  author = {eskimo},
  title = {Re: debugging kernel drivers},
  url = {https://forums.developer.apple.com/message/28317#27581},
  urldate = {2019-05-07},
  note = "Posted on 16 July 2015."
}

@online{DevForums3,
  author = {Max108},
  title = {Enabling parts of System Integrity Protection while disabling specific parts?},
  url = {https://forums.developer.apple.com/thread/17452#thread-message-52814},
  urldate = {2019-05-07},
  note = "Posted on 14 September 2015."
}

@online{CommunityForums1,
  author = {John Lockwood},
  title = {OSX installing on virtual machine (legal issues)},
  url = {https://discussions.apple.com/thread/7312791?answerId=29225237022#29225237022},
  urldate = {2019-08-22},
  note = "Posted on 30 October 2015."
}

@online{AppleOpenSource,
  author = {Apple},
  title = {Apple Open Source},
  url = {https://opensource.apple.com},
  urldate = {2020-02-02}
}

@online{AppleKDK,
  author = {Apple},
  title = {More Software Downloads - Apple Developer},
  url = {https://developer.apple.com/download/more/?=Kernel\%20Debug\%20Kit},
  urldate = {2019-09-20}
}

@online{macOS105UNIX03,
  author = {The Open Group},
  title = {Mac OS X Version 10.5 Leopard on Intel-based Macintosh computers},
  url = {https://www.opengroup.org/openbrand/register/brand3555.htm},
  urldate = {2019-11-08}
}

@online{macOS1015UNIX03,
  author = {The Open Group},
  title = {macOS version 10.15 Catalina on Intel-based Mac computers},
  url = {https://www.opengroup.org/openbrand/register/brand3653.htm},
  urldate = {2019-11-08}
}

@online{XNU1456126,
  author = {Apple},
  title = {XNU 1456.1.26 Source},
  url = {https://opensource.apple.com/source/xnu/xnu-1456.1.26/},
  urldate = {2019-08-27},
  note = "Browsable mirror at \url{https://github.com/apple/darwin-xnu/tree/xnu-1456.1.26/}."
}

@online{XNU1699268,
  author = {Apple},
  title = {XNU 1699.26.8 Source},
  url = {https://opensource.apple.com/source/xnu/xnu-1699.26.8/},
  urldate = {2019-08-20},
  note = "Browsable mirror at \url{https://github.com/apple/darwin-xnu/tree/xnu-1699.26.8/}."
}

@online{XNU205079,
  author = {Apple},
  title = {XNU 2050.7.9 Source},
  url = {https://opensource.apple.com/source/xnu/xnu-2050.7.9/},
  urldate = {2019-08-20},
  note = "Browsable mirror at \url{https://github.com/apple/darwin-xnu/tree/xnu-2050.7.9/}."
}

@online{XNU49032212,
  author = {Apple},
  title = {XNU 4903.221.2 Source},
  url = {https://opensource.apple.com/source/xnu/xnu-4903.221.2/},
  urldate = {2019-08-20},
  note = "Browsable mirror at \url{https://github.com/apple/darwin-xnu/tree/xnu-4903.221.2/}."
}

@online{XNU49032411,
  author = {Apple},
  title = {XNU 4903.241.1 Source},
  url = {https://opensource.apple.com/source/xnu/xnu-4903.241.1/},
  urldate = {2019-11-18},
}

@online{XNU61531126,
  author = {Apple},
  title = {XNU 6153.11.26 Source},
  url = {https://opensource.apple.com/tarballs/xnu/xnu-6153.11.26.tar.gz},
  urldate = {2020-02-17},
}

@online{IONetworkingFamily,
  author = {Apple},
  title = {IONetworkingFamily 129.200.1 Source},
  url = {https://opensource.apple.com/source/IONetworkingFamily/IONetworkingFamily-129.200.1/IOKernelDebugger.cpp.auto.html},
  urldate = {2020-02-09},
}

@online{LLDB800,
  author = {LLVM Developer Group},
  title = {LLDB 8.0.0 Source},
  url = {http://releases.llvm.org/8.0.0/lldb-8.0.0.src.tar.xz},
  urldate = {2019-10-16},
  note = "Browsable mirror at \url{https://github.com/llvm/llvm-project/tree/llvmorg-8.0.0/lldb/}."
}

@online{CLANG,
  title = {Clang: a C language family frontend for LLVM},
  url = {https://clang.llvm.org},
  urldate = {2019-10-22}
}

@online{GCC,
  title = {GCC, the GNU Compiler Collection},
  url = {https://gcc.gnu.org},
  urldate = {2019-10-22}
}

@online{EdisonBug,
  author = {Alexander B. Magoun and Paul Israel},
  title = {Did You Know? Edison Coined the Term ``Bug''},
  url = {https://spectrum.ieee.org/the-institute/ieee-history/did-you-know-edison-coined-the-term-bug},
  urldate = {2019-11-06}
}

@online{HolbertonBreakpoint,
  author = {National Museum of American History},
  title = {Computer Oral History Collection, 1969-1973, 1977},
  subtitle = {Jean J.\ Bartik and Frances E.\ (Betty) Snyder Holberton Interview},
  url = {https://amhistory.si.edu/archives/AC0196_bart730427.pdf},
  urldate = {2019-11-26}
}

@online{MIPSBranchDelaySlots,
  author = {Etnus},
  title = {MIPS Delay Slot Instructions},
  url = {http://www.jaist.ac.jp/iscenter-new/mpc/old-machines/altix3700/opt/toolworks/totalview.6.3.0-1/doc/html/ref_guide/MIPSDelaySlotInstructions.html},
  urldate = {2019-11-28}
}

@online{MachExceptionHandlers,
  author = {Landon Fuller},
  title = {Mach Exception Handlers},
  url = {https://www.mikeash.com/pyblog/friday-qa-2013-01-11-mach-exception-handlers.html},
  urldate = {2019-11-29}
}

@online{MitreCVEList,
  author = {The MITRE Corporation},
  title = {CVE 2018 entries},
  url = {https://cve.mitre.org/data/downloads/allitems-cvrf-year-2018.xml},
  urldate = {2019-11-06}
}

@online{FreeBSDDDB,
  title = {On-Line Kernel Debugging Using DDB},
  url = {https://www.freebsd.org/doc/en_US.ISO8859-1/books/developers-handbook/kerneldebug-online-ddb.html},
  urldate = {2020-01-24}
}

@online{OpenBSDDDB,
  title = {ddb(4) - OpenBSD manual pages},
  url = {https://man.openbsd.org/ddb},
  urldate = {2020-01-24}
}

@online{NetBSDDDB,
  title = {ddb(4) - NetBSD Manual Pages},
  url = {https://netbsd.gw.com/cgi-bin/man-cgi?ddb+4+NetBSD-current},
  urldate = {2020-01-24}
}

@online{BSDkextcache,
  title = {man page kextcache section 8},
  url = {http://www.manpagez.com/man/8/kextcache/},
  urldate = {2020-01-27}
}

@online{WindowsDbg,
  title = {Getting Started with WinDbg (Kernel-Mode)},
  url = {https://docs.microsoft.com/en-us/windows-hardware/drivers/debugger/getting-started-with-windbg--kernel-mode-},
  urldate = {2020-01-20}
}

@online{LinuxDbg,
  author = {Jason Wessel},
  title = {Using kgdb, kdb and the kernel debugger internals},
  url = {https://www.kernel.org/doc/html/v4.17/dev-tools/kgdb.html},
  urldate = {2020-01-20}
}

@online{GDB,
  title = {GDB: The GNU Project Debugger},
  url = {https://www.gnu.org/software/gdb/},
  urldate = {2020-02-02}
}

@online{GDBRemoteStub,
  title = {Debugging with GDB: Remote Stub},
  url = {https://sourceware.org/gdb/current/onlinedocs/gdb/Remote-Stub.html},
  urldate = {2020-01-29}
}

@online{GDBRemoteProtocol,
  author = {Jeremy Bennett},
  title = {Howto: GDB Remote Serial Protocol},
  url = {https://www.embecosm.com/appnotes/ean4/embecosm-howto-rsp-server-ean4-issue-2.html},
  urldate = {2020-02-01}
}

@online{LLDB,
  title = {The LLDB Debugger},
  url = {https://lldb.llvm.org},
  urldate = {2020-02-02}
}

@online{LLDBServer,
  title = {Remote Debugging},
  url = {https://lldb.llvm.org/use/remote.html},
  urldate = {2020-02-03}
}

@online{ApacheLicense,
  title = {Apache License, Version 2.0},
  url = {https://www.apache.org/licenses/LICENSE-2.0},
  urldate = {2020-01-13}
}

@online{GNULicense,
  title = {GNU General Public License, version 2},
  url = {https://www.gnu.org/licenses/old-licenses/gpl-2.0.en.html},
  urldate = {2020-02-15}
}

@online{LLDBLicense,
  title = {New LLVM Project License Framework},
  url = {https://llvm.org/docs/DeveloperPolicy.html\#new-llvm-project-license-framework},
  urldate = {2020-02-02}
}

@online{MacPmem,
  title = {MacPmem - OS X Physical Memory Access},
  url = {https://github.com/google/rekall/tree/master/tools/osx/MacPmem},
  urldate = {2020-02-03}
}

@online{xendbg,
  author = {Spencer Michaels},
  title = {xendbg},
  url = {https://github.com/nccgroup/xendbg},
  urldate = {2020-02-03}
}

@online{pyvmidbg,
  author = {Mathieu Tarral},
  title = {pyvmidbg},
  url = {https://github.com/Wenzel/pyvmidbg},
  urldate = {2020-02-03}
}

@online{SockPuppetBug,
  title = {Issue 1806: XNU: Use-after-free due to stale pointer left by in6\_pcbdetach},
  url = {https://bugs.chromium.org/p/project-zero/issues/detail?id=1806},
  urldate = {2020-02-08}
}

@online{SockPuppetBugFix,
  author = {Apple},
  title = {About the security content of macOS Mojave 10.14.6 Supplemental Update},
  url = {https://support.apple.com/en-in/HT210548},
  urldate = {2020-02-08}
}

@online{SockPuppet,
  author = {Ned Williamson},
  title = {SockPuppet: A Walkthrough of a Kernel Exploit for iOS 12.4},
  url = {https://googleprojectzero.blogspot.com/2019/12/sockpuppet-walkthrough-of-kernel.html},
  urldate = {2020-02-08},
  note = "Published on 10 December 2019."
}

@online{VirtualBox,
  title = {Oracle VM VirtualBox},
  url = {https://www.virtualbox.org},
  urldate = {2020-02-02}
}

@online{VMware,
  title = {VMware},
  url = {https://www.vmware.com},
  urldate = {2020-02-02}
}

@online{KVM,
  title = {KVM},
  url = {https://www.linux-kvm.org/page/Main_Page},
  urldate = {2020-02-09}
}

@online{Xen,
  title = {Xen Project},
  url = {https://xenproject.org},
  urldate = {2020-02-09}
}

@online{Quarkslab,
  title = {Quarkslab},
  url = {https://www.quarkslab.com},
  urldate = {2020-02-09}
}

@online{PatchGuard,
  title = {Driver x64 Restrictions},
  url = {https://docs.microsoft.com/en-us/windows-hardware/drivers/kernel/driver-x64-restrictions},
  urldate = {2020-02-01}
}

@online{Jtool,
  author = {Jonathan Levin},
  title = {jtool},
  url = {http://www.newosxbook.com/tools/jtool.html},
  urldate = {2020-02-15}
}

################################################################################

@article{popek1974formal,
  title={Formal requirements for virtualizable third generation architectures},
  author={Popek, Gerald J and Goldberg, Robert P},
  journal={Communications of the ACM},
  volume={17},
  number={7},
  pages={412--421},
  year={1974},
  publisher={ACM}
}

@book{singh2006mac,
  title={Mac OS X internals: a systems approach},
  author={Singh, Amit},
  year={2006},
  publisher={Addison-Wesley Professional}
}

@book{sally2010pro,
  title={Pro Linux embedded systems},
  author={Sally, Gene},
  year={2010}
}

@book{miller2012ios,
  title={iOS Hacker's Handbook},
  author={Miller, Charlie and Blazakis, Dion and DaiZovi, Dino and Esser, Stefan and Iozzo, Vincenzo and Weinmann, Ralf-Philip},
  year={2012},
  publisher={John Wiley \& Sons}
}

@misc{Couffin2016Winbagility,
  title={Winbagility: D{\'e}bogage furtif et introspection de machine virtuelle},
  author={Couffin, Nicolas},
  year={2016},
  publisher={SSTIC},
  note="Project website at \url{https://winbagility.github.io}."
}
